% Encoding: UTF-8
@article{DBLP:journals/speech/AkcayO20,
  author    = {Mehmet Berkehan Ak{\c{c}}ay and
               Kaya Oguz},
  title     = {Speech emotion recognition: Emotional models, databases, features,
               preprocessing methods, supporting modalities, and classifiers},
  journal   = {Speech Commun.},
  volume    = {116},
  pages     = {56--76},
  year      = {2020},
  url       = {https://doi.org/10.1016/j.specom.2019.12.001},
  doi       = {10.1016/j.specom.2019.12.001},
  timestamp = {Mon, 26 Oct 2020 08:20:21 +0100},
  biburl    = {https://dblp.org/rec/journals/speech/AkcayO20.bib},
  bibsource = {dblp computer science bibliography, https://dblp.org}
}

@article{DBLP:journals/corr/abs-1912-10458,
  author    = {Kannan Venkataramanan and
               Haresh Rengaraj Rajamohan},
  title     = {Emotion Recognition from Speech},
  journal   = {CoRR},
  volume    = {abs/1912.10458},
  year      = {2019},
  url       = {http://arxiv.org/abs/1912.10458},
  archivePrefix = {arXiv},
  eprint    = {1912.10458},
  timestamp = {Fri, 03 Jan 2020 16:10:45 +0100},
  biburl    = {https://dblp.org/rec/journals/corr/abs-1912-10458.bib},
  bibsource = {dblp computer science bibliography, https://dblp.org}
}

 @misc{fumo_2017, title={Types of Machine Learning Algorithms You Should Know}, url={https://towardsdatascience.com/types-of-machine-learning-algorithms-you-should-know-953a08248861}, journal={Medium}, publisher={Towards Data Science}, author={Fumo, David}, year={2017}, month={Aug}}
 
  @misc{leonel_2019, title={Hyperparameters in Machine/Deep Learning}, url={https://medium.com/@jorgesleonel/hyperparameters-in-machine-deep-learning-ca69ad10b981}, journal={Medium}, publisher={Medium}, author={Leonel, Jorge}, year={2019}, month={Apr}} 